<record><leader>00000cas a22000007a 4500</leader><controlfield tag="001">18130837</controlfield><controlfield tag="008">880624d18841890pauwr ne      0    0eng d</controlfield><datafield ind1=" " ind2=" " tag="010"><subfield code="a">sn 88080803 </subfield></datafield><datafield ind1=" " ind2=" " tag="040"><subfield code="a">NPH</subfield><subfield code="b">eng</subfield><subfield code="c">NPH</subfield><subfield code="d">OCLCQ</subfield></datafield><datafield ind1=" " ind2=" " tag="042"><subfield code="a">msc</subfield></datafield><datafield ind1="0" ind2="4" tag="245"><subfield code="a">The Meadville messenger. And Crawford Democrat.</subfield></datafield><datafield ind1="1" ind2="3" tag="246"><subfield code="a">Meadville messenger</subfield></datafield><datafield ind1=" " ind2=" " tag="260"><subfield code="a">Meadville, Pa. :</subfield><subfield code="b">R.B. Brown,</subfield><subfield code="c">-1890.</subfield></datafield><datafield ind1=" " ind2=" " tag="300"><subfield code="a">v.</subfield></datafield><datafield ind1=" " ind2=" " tag="310"><subfield code="a">Weekly</subfield></datafield><datafield ind1="1" ind2=" " tag="362"><subfield code="a">Began in 1884.</subfield></datafield><datafield ind1="0" ind2=" " tag="362"><subfield code="a">-new ser., v. 6, no. 11 (Aug. 21, 1890).</subfield></datafield><datafield ind1=" " ind2=" " tag="515"><subfield code="a">Issues for -Aug. 21, 1890 called also -old ser., v. 55.</subfield></datafield><datafield ind1=" " ind2=" " tag="588"><subfield code="a">Description based on: New ser., v. 2, no. 49 (May 20, 1886).</subfield></datafield><datafield ind1=" " ind2=" " tag="752"><subfield code="a">United States</subfield><subfield code="b">Pennsylvania</subfield><subfield code="c">Crawford</subfield><subfield code="d">Meadville.</subfield></datafield><datafield ind1="0" ind2="4" tag="780"><subfield code="t">Democratic messenger (Meadville, Pa.)</subfield><subfield code="w">(DLC)sn 88080801</subfield></datafield><datafield ind1="0" ind2="4" tag="780"><subfield code="t">Crawford Democrat (Meadville, Pa. : 1840)</subfield><subfield code="w">(DLC)sn 86081260</subfield></datafield><datafield ind1="0" ind2="0" tag="785"><subfield code="t">Meadville messenger</subfield><subfield code="w">(DLC)sn 88080804</subfield></datafield></record>